@article{Ejaz:2017fo,
author = {Ejaz, Naveed and Xu, Jing and Branscheidt, Meret and Hertler, Benjamin and Schambra, Heidi and Widmer, Mario and Faria, Andreia V and Harran, Michelle and Cortes, Juan Camilo and Kim, Nathan and Kitago, Tomoko and Celnik, Pablo A and Luft, Andreas and Krakauer, John W and Diedrichsen, J{\"o}rn},
title = {{Finger recruitment patterns during mirror movements suggest two systems for hand recovery after stroke}},
journal = {bioRxiv},
year = {2017}
}

@article{Diedrichsen:2017fy,
author = {Diedrichsen, J{\"o}rn and Yokoi, Atsushi and Arbuckle, Spencer},
title = {{Pattern Component Modeling: A Flexible Approach For Understanding The Representational Structure Of Brain Activity Patterns}},
journal = {bioRxiv},
year = {2017}
}

